@misc{website:CS_tbp,
      author = "Igor Carron",
      title = "Compressive Sensing: The Big Picture",
      month = "3",
      year = "2017",
      url = "https://sites.google.com/site/igorcarron2/cs"
}



@book{book:srr,
    author    = "Michel Elad",
    title     = "Sparse and Redundant Representations",
    year      = "2010",
    publisher = "Springer",
    address   = "New York, New York"
}

@book{book:sm,
    author    = "Irina Rish, Genady Ya. Grabarnik",
    title     = "Sparse Modeling",
    year      = "2015",
    publisher = "CRC Press",
    address   = "Boca Raton"
}


@report{mt:EF,
    author    = "Erik Fall",
    title     = "Compressed Sensing for 3D Laser Radar",
    type      = "Master's thesis",
    school    = "Linköpings University",
    isrn      = "LiTH-ISY-EX-14/4767-SE",
    year      = "2014"
}

@article{article:cs_IR,
  author        = "H. Chen and N. Xi and B. Song and L. Chen and J. Zhao and K. W. C. Lai and R. Yang",
  title         = "Infrared Camera Using a Single Nano-Photodetector",
  journal       = "IEEE Sensors Journal",
  volume        = "12",
  number        = "3",
  year          = "2013",
  pages         = "949-958"
}

@article{article:cs_for_prac_ios_a_tut,
  author        = "R. M. Willett and R. F. Marcia and J. M. Nichols",
  title         = {Compressed sensing for optical imaging systems: a tutorial},
  journal       = "SPIE Optical Engineering",
  volume        = "50(7)",
  year          = "2011",
}

@article{article:a_new_ci_arc,
  author        = "D. Takhar and J. N. Laska and M. B. Walking and M. F. Duarte and D. Baron and S. Sarvotham and K. F. Kelly and R. G. Baraniuk",
  title         = "A New Compressive Imaging Camera Architecture using Optical-Domain Compression",
  journal       = "IS\&T/SPIE Computational Imaging",
  volume        = "5",
  year          = "2006",
}


@INPROCEEDINGS{article:an_Arcitecture_for_CI,
    author      = {Michael B. Wakin and Jason N. Laska and Marco F. Duarte and Dror Baron and Shriram Sarvotham and Dharmpal Takhar and Kevin F. Kelly and Richard G. Baraniuk},
    title       = {An architecture for compressive imaging},
    booktitle   = {IEEE International Conference on Image Processing (ICIP), October 8-11, 2006},
    year        = {2006},
    pages       = {1273--1276}
}

@article{article:single_pixel_im_cs,
  author        = "D. Takhar and J. N. Laska and M. F. Duarte and K. F. Kelly and R. G. Baraniuk and M. A. Davenport",
  title         = "Single-Pixel Imaging via Compressive Sampling",
  journal       = "IEEE Signal Processing Magazine",
  volume        = "83",
  year          = "2008",
}

@article{article:misuperres,
  author        = "T. Edeler and K. Oliger and S. Hussmann and A. Mertins",
  title         = "Multi Image Super Resolution using Compressed Sensing",
  journal       = "ICASSP",
  year          = "2011",
  pages         = "2868-2871"
}

@article{doi:thz,
author = {Wai Lam Chan and Kriti Charan and Dharmpal Takhar and Kevin F. Kelly and Richard G. Baraniuk and Daniel M. Mittleman},
title = {A single-pixel terahertz imaging system based on compressed sensing},
journal = {Applied Physics Letters},
volume = {93},
number = {12},
pages = {121105},
year = {2008},
doi = {10.1063/1.2989126},
URL = {http://dx.doi.org/10.1063/1.2989126},
eprint = {http://dx.doi.org/10.1063/1.2989126}
}

@article{article:foiSPIS,
  author        = "C. Brännlund and D. Gustafsson",
  title         = "Single Pixel SWIR Imaging using Compressed Sensing",
  journal       = "Symposium on Image Analysis, 14-15 March 2017, Linköping, Sweden",
  year          = "2017",
}




@article{article:a_high_res_swir,
  author        = "L. McMackin, M. A. Herman, B. Chatterjee and Matt Weldon",
  title         = "A high-resolution SWIR camera via compressed sensing",
  journal       = "SPIE",
  year          = "2012",
  volume        = "8353"
}

@article{article:CS_from_theory_a_sur,
  author        = "S. Qaisar and R. M. Bilal and W. Iqbal and M. Naureen and S. Lee",
  title         = "Compressive Sensing: From Theory to Applications, A Survey",
  journal       = "Journal of Communications and Networks",
  year          = "2013",
  volume        = "15",
  number        = "5"
}


@manual{manual:DLP,
	title		= "DLP LightCrafter 4500 Evaluation Module, User's Guide",
	%author		= "",
	organization	= "Texas Instruments Incorporated",
	%address	= "Texas Instruments, Post Office Box 655303, Dallas, Texas 75265",
	%edition	= "",
	year		= "2015",
	month		= "9",
	%note		= "",
	url         = "http://www.ti.com/lit/ug/dlpu011e/dlpu011e.pdf",
	urldate     = "2017-05-16"
}

@manual{manual:PDA,
	title		= "Large Area InGaAs Amplified Photodetectors PDA20C Operation                   Manual",
	%author		= "",
	organization	= " Thorlabs GmbH",
	%address	= "Texas Instruments, Post Office Box 655303, Dallas, Texas 75265",
	edition	= "1.1",
	year		= "2016",
	month		= "9",
	%note		= "",
	url         = "https://www.thorlabs.com/drawings/e22761fd83df1eab-B1D1D2AA-C921-6D8E-D2B14E11544D8225/PDA20C_M-Manual.pdf",
	urldate     = "2017-05-16"
}


@article{article:WalshHadamard_Max_Length,
ISSN = {978-1-4799-5736-1},
Journal = {2014 IEEE/ASME International Conference on Advanced Intelligent Mechatronics, Advanced Intelligent Mechatronics (AIM) Besancon, France, July 8-11, 2014},
Pages = {1151-1156},
Title = {Maximum length sequence encoded Hadamard measurement paradigm for compressed sensing.},
Year = {2014},
}

@article{article:TVAL3,
Author = {Li, Chengbo},
Title = {An efficient algorithm for total variation regularization with applications to the single pixel camera and compressive sensing.},
Year = {2009},
}

@misc{website:SWIR_objective,
      author = "Laurent Duval",
      title = "50mm FL SWIR Fixed Focal Length Lens",
      year = "2017",
      url = "https://www.edmundoptics.com/imaging-lenses/fixed-focal-length-lenses/50mm-fl-swir-fixed-focal-length-lens/",
      urldate = "2017-05-17",
      organization = "Edmund Optics Inc"
}

@ARTICLE{article:CS_donoho1, 
author={D. L. Donoho}, 
journal={IEEE Transactions on Information Theory}, 
title={Compressed sensing}, 
year={2006}, 
volume={52}, 
number={4}, 
pages={1289-1306}, 
doi={10.1109/TIT.2006.871582}, 
ISSN={0018-9448}, 
month={4},}

@ARTICLE{article:il_niqe, 
author={L. Zhang and L. Zhang and A. C. Bovik}, 
journal={IEEE Transactions on Image Processing}, 
title={A Feature-Enriched Completely Blind Image Quality Evaluator}, 
year={2015}, 
volume={24}, 
number={8}, 
pages={2579-2591}, 
doi={10.1109/TIP.2015.2426416}, 
ISSN={1057-7149}, 
month={8},}

@book{book:image_processing,
    author    = "Al Bovik",
    title     = "The Essentioal Guide to Image Processing",
    year      = "2009",
    publisher = "Elsevier",
    isbn      = "978-0-12-374457-9"
}

@ARTICLE{article:SRM, 
author={T. T. Do and L. Gan and N. H. Nguyen and T. D. Tran}, 
journal={IEEE Transactions on Signal Processing}, 
title={Fast and Efficient Compressive Sensing Using Structurally Random Matrices}, 
year={2012}, 
volume={60}, 
number={1}, 
pages={139-154}, 
doi={10.1109/TSP.2011.2170977}, 
ISSN={1053-587X}, 
month={1},}

@article{article:SRM_long,
author = "T.T.Do and L. Gan and N.H. Nguyen and T.D Tran",
journal = "IEEE Transactions on Signal Processing",
title = "Fast and Efficent Compressive Sensing Using Structurally Random Matrices",
year = "2012",
volume = "60",
number = "1",
pages = "139-154",
doi = "10.1109/TSP.2011.2170977",
ISSN = "1053-587X",
month = "01"
}

@INPROCEEDINGS{article:SRM_short,
arthor = "T.T.Do and T.D Tran and L. Gan",
booktitle = "2008 IEEE International Conference on Acoustics, Speech and Signal Processing",
title = "Fast compressive sampling with structurally random matrices",
year = "2008",
pages = "3369-3372",
doi = "10.1109/ICASSP.2008.4518373",
ISSN = "1520-6149",
month = "3"
}


@INPROCEEDINGS{article:SRM_block,
author = "L. Gan and T.T.Do and T.D Tran",
booktitle = "2008 16th European Signal Processing Conference",
title = "Fast compressive imaging using scrambled block Hadamard ensemble",
year = "2008",
pages = "1-5",
ISSN = "2219-5491",
month = "8"
}

@INPROCEEDINGS{article:an_improved_WH_matrix,
author = "C. Zhuoran and Z. Honglin and J. Min and W. Gang and S. Jingshi",
booktitle = "2013 9th International Conference on Information, Communications Signal Processing",
title = "An Improved Hadamard Measurement Matrix Based on Walsh Code For Compressive Sensing",
year = "2013",
pages = "1-4",
doi = "10.1109/ICICS.2013.6782833",
month = "12"
}

@article{article:WH_RIP_SRM,
Author = {Haimi-Cohen, Raziel and Mark Lai, Yenming},
ISSN = {0165-1684},
Journal = {Signal Processing},
Pages = {71 - 87},
Title = {Compressive measurements generated by structurally random matrices: Asymptotic normality and quantization.},
Volume = {120},
Year = {2016},
}


@ARTICLE{article:WH_mixed_RIP_prof, 
author={S. L. Shishkin}, 
journal={IEEE Journal on Emerging and Selected Topics in Circuits and Systems}, 
title={Fast and Robust Compressive Sensing Method Using Mixed Hadamard Sensing Matrix}, 
year={2012}, 
volume={2}, 
number={3}, 
pages={353-361},
doi={10.1109/JETCAS.2012.2214616}, 
ISSN={2156-3357}, 
month={Sept},}


@article{article:brisque,
Author = {Anish, Mittal and Anush Krishna, Moorthy and Alan Conrad, Bovik},
Title = {No-reference image quality assessment in the spatial domain.},
Year = {2012},
journal={IEEE TRANSACTIONS ON IMAGE PROCESSING}, 
volume = "21",
month = "12",
pages = "4695 - 4708",
ISSN = "1057–7149"
}